% 26618062 
@Article{pmid26618062,
   Author="Cheatham, S. W.  and Kolber, M. J.  and Cain, M.  and Lee, M. ",
   Title="{{T}{H}{E} {E}{F}{F}{E}{C}{T}{S} {O}{F} {S}{E}{L}{F}-{M}{Y}{O}{F}{A}{S}{C}{I}{A}{L} {R}{E}{L}{E}{A}{S}{E} {U}{S}{I}{N}{G} {A} {F}{O}{A}{M} {R}{O}{L}{L} {O}{R} {R}{O}{L}{L}{E}{R} {M}{A}{S}{S}{A}{G}{E}{R} {O}{N} {J}{O}{I}{N}{T} {R}{A}{N}{G}{E} {O}{F} {M}{O}{T}{I}{O}{N}, {M}{U}{S}{C}{L}{E} {R}{E}{C}{O}{V}{E}{R}{Y}, {A}{N}{D} {P}{E}{R}{F}{O}{R}{M}{A}{N}{C}{E}: {A} {S}{Y}{S}{T}{E}{M}{A}{T}{I}{C} {R}{E}{V}{I}{E}{W}}",
   Journal="Int J Sports Phys Ther",
   Year="2015",
   Volume="10",
   Number="6",
   Pages="827--838",
   Month="Nov"
},
% 30765920 
@Article{pmid30765920,
   Author="Wilke, J.  and Vogt, L.  and Banzer, W. ",
   Title="{{I}mmediate effects of self-myofascial release on latent trigger point sensitivity: a randomized, placebo-controlled trial}",
   Journal="Biol Sport",
   Year="2018",
   Volume="35",
   Number="4",
   Pages="349--354",
   Month="Dec"
}

